<record><leader>00000cas a2200000 a 4500</leader><controlfield tag="001">30590901</controlfield><controlfield tag="008">940610d18801881iludn ne      0   a0eng c</controlfield><datafield ind1=" " ind2=" " tag="010"><subfield code="a">sn 94054325 </subfield></datafield><datafield ind1=" " ind2=" " tag="040"><subfield code="a">NVF</subfield><subfield code="b">eng</subfield><subfield code="c">NVF</subfield><subfield code="d">OCLCQ</subfield><subfield code="d">NVF</subfield><subfield code="d">OCLCQ</subfield><subfield code="d">OCLCF</subfield><subfield code="d">OCLCO</subfield><subfield code="d">NVF</subfield></datafield><datafield ind1=" " ind2=" " tag="042"><subfield code="a">pcc</subfield></datafield><datafield ind1=" " ind2=" " tag="043"><subfield code="a">n-us-il</subfield></datafield><datafield ind1="0" ind2=" " tag="130"><subfield code="a">Joliet news (Joliet, Ill. : 1880)</subfield></datafield><datafield ind1="1" ind2="4" tag="245"><subfield code="a">The Joliet news.</subfield></datafield><datafield ind1="1" ind2=" " tag="246"><subfield code="i">Published as:</subfield><subfield code="a">News</subfield><subfield code="f">July 15-Sept. 17, 1880 and Apr. 7, 1881</subfield></datafield><datafield ind1="1" ind2=" " tag="246"><subfield code="i">Published as:</subfield><subfield code="a">Sunday morning news</subfield><subfield code="f">&lt;Jan. 9, 1881&gt;</subfield></datafield><datafield ind1=" " ind2=" " tag="260"><subfield code="a">Joliet, Ill. :</subfield><subfield code="b">Collings &amp; Baldwin,</subfield><subfield code="c">1880-1881.</subfield></datafield><datafield ind1=" " ind2=" " tag="300"><subfield code="a">v.</subfield></datafield><datafield ind1=" " ind2=" " tag="310"><subfield code="a">Daily (except Saturday),</subfield><subfield code="b">Jan. 9-Apr. 29, 1881</subfield></datafield><datafield ind1=" " ind2=" " tag="321"><subfield code="a">Daily (except Monday),</subfield><subfield code="b">May 1-&lt;Aug. 5, 1880&gt;</subfield></datafield><datafield ind1=" " ind2=" " tag="321"><subfield code="a">Daily (except Sunday),</subfield><subfield code="b">&lt;Aug. 9, 1880&gt;-Jan. 7, 1881</subfield></datafield><datafield ind1="0" ind2=" " tag="362"><subfield code="a">Vol. 4, no. 21 (May 1, 1880)-v. 5, no. 18 (Apr. 29, 1881).</subfield></datafield><datafield ind1=" " ind2=" " tag="515"><subfield code="a">Continues the numbering of: Joliet morning news.</subfield></datafield><datafield ind1=" " ind2="0" tag="651"><subfield code="a">Joliet (Ill.)</subfield><subfield code="v">Newspapers.</subfield></datafield><datafield ind1=" " ind2="7" tag="651"><subfield code="a">Illinois</subfield><subfield code="z">Joliet.</subfield><subfield code="2">fast</subfield><subfield code="0">(OCoLC)fst01205950</subfield></datafield><datafield ind1=" " ind2="7" tag="655"><subfield code="a">Newspapers.</subfield><subfield code="2">fast</subfield><subfield code="0">(OCoLC)fst01423814</subfield></datafield><datafield ind1=" " ind2=" " tag="752"><subfield code="a">United States</subfield><subfield code="b">Illinois</subfield><subfield code="c">Will</subfield><subfield code="d">Joliet.</subfield></datafield><datafield ind1="0" ind2="0" tag="780"><subfield code="t">Joliet morning news</subfield><subfield code="w">(DLC)sn 94054324</subfield><subfield code="w">(OCoLC)30590817</subfield></datafield><datafield ind1="0" ind2="0" tag="785"><subfield code="t">Daily news (Joliet, Ill.)</subfield><subfield code="w">(DLC)sn 94054326</subfield><subfield code="w">(OCoLC)30590992</subfield></datafield><datafield ind1="1" ind2=" " tag="029"><subfield code="a">AU@</subfield><subfield code="b">000025879068</subfield></datafield></record>